@book{pathen98,
	author = "David A. Patterson and John L. Hennessy",
	title = "Computer Organization and Design",
	year = "1998",
	publisher = "Morgan Kaufmann Publishers",
	edition = "5"
}
